@article{aeberhardetal18,
  title = {Review of {{State}}-{{Space Models}} for {{Fisheries Science}}},
  author = {W. H. Aeberhard and J. Mills Flemming and A. Nielsen},
  year = {2018},
  journal = {Annual Review of Statistics and Its Application},
  volume = {5},
  number = {1},
  pages = {215--235},
  issn = {2326-8298, 2326-831X},
  doi = {10.1146/annurev-statistics-031017-100427}
}

@article{ahoetal14,
  title={Model selection for ecologists: the worldviews of {AIC} and {BIC}},
  author={Aho, Ken and Derryberry, DeWayne and Peterson, Teri},
  journal={Ecology},
  volume={95},
  number={3},
  pages={631--636},
  year={2014},
  doi = {10.1890/13-1452.1}}

@article{albertsenetal17,
author = {Albertsen, Christoffer Moesgaard and Nielsen, Anders and Thygesen, Uffe Høgsbro},
title = {Choosing the observational likelihood in state-space stock assessment models},
journal = {Canadian Journal of Fisheries and Aquatic Sciences},
volume = {74},
number = {5},
pages = {779-789},
year = {2017},
doi = {10.1139/cjfas-2015-0532}}

@article{brittenetal_inreview,
  author = {Britten, G. and Brooks, E. N. and Miller, T. J.},
  title = {Identification and performance of environmentally-driven stock-recruitment relationships in state space assessment models},
  year = {In review},
  journal = {For Canadian Journal of Fisheries and Aquatic Sciences, State-space assessment models special collection\ignorespaces}}

@article{brookslegault16,
author = {Brooks, Elizabeth N. and Legault, Christopher M.},
title = {Retrospective forecasting -- evaluating performance of stock projections for New England groundfish stocks},
journal = {Canadian Journal of Fisheries and Aquatic Sciences},
volume = {73},
number = {6},
pages = {935--950},
year = {2016},
doi = {10.1139/cjfas-2015-0163}}

@article{cadigan16,
  title = {A State-Space Stock Assessment Model for Northern Cod, Including under-Reported Catches and Variable Natural Mortality Rates},
  author = {N. G. Cadigan},
  year = {2016},
  journal = {Canadian Journal of Fisheries and Aquatic Sciences},
  volume = {73},
  pages = {296--308},
  doi = {10.1139/cjfas-2015-0047},
  number = {2}}

@article{carvalhoetal21,
title = {A cookbook for using model diagnostics in integrated stock assessments},
journal = {Fisheries Research},
volume = {240},
pages = {105959},
year = {2021},
author = {Felipe Carvalho and Henning Winker and Dean Courtney and Maia Kapur and Laurence Kell and Massimiliano Cardinale and Michael Schirripa and Toshihide Kitakado and Dawit Yemane and Kevin R. Piner and Mark N. Maunder and Ian Taylor and Chantel R. Wetzel and Kathryn Doering and Kelli F. Johnson and Richard D. Methot},
doi = {10.1016/j.fishres.2021.105959}}


@article{clopperpearson34,
    author = {Clopper, C. J. and Pearson, E. S.},
    title = {The Use of Confidence or Fiducial Limits Illustrated in the Case of the Binomial},
    journal = {Biometrika},
    volume = {26},
    number = {4},
    pages = {404--413},
    year = {1934},
    doi = {10.1093/biomet/26.4.404}}

@article{connetal10,
author = {Conn, Paul B. and Williams, Erik H. and Shertzer, Kyle W.},
title = {When can we reliably estimate the productivity of fish stocks?},
journal = {Canadian Journal of Fisheries and Aquatic Sciences},
volume = {67},
number = {3},
pages = {511--523},
year = {2010},
doi = {10.1139/F09-194}}

@article{derisoetal08,
author = {Deriso, Richard B. and Maunder, Mark N. and Pearson, Walter H.},
title = {INCORPORATING COVARIATES INTO FISHERIES STOCK ASSESSMENT MODELS WITH APPLICATION TO PACIFIC HERRING},
journal = {Ecological Applications},
volume = {18},
number = {5},
pages = {1270--1286},
doi = {10.1890/07-0708.1},
year = {2008}}

@ARTICLE{devalpinehastings02,
  author = {P. {de Valpine} and A. Hastings},
  year = 2002,
  title = {Fitting population models incorporating process noise and observation error},
  journal = {Ecological Monographs},
  volume = 72,
  number = 1,
  pages = {57--76}}

@article{fischetal23,
  title={Process and sampling variance within fisheries stock assessment models: estimability, likelihood choice, and the consequences of incorrect specification},
  author={Fisch, N and Shertzer, K and Camp, E and Maunder, M and Ahrens, R},
  journal={ICES Journal of Marine Science},
  volume={80},
  number={8},
  pages={2125--2149},
  year={2023},
  doi = {10.1093/icesjms/fsad138}
}

@article{hoyleetal22,
  title={Preface: Developing the next generation of stock assessment software},
  author={Hoyle, Simon D and Maunder, Mark N and Punt, Andr{\'e} E and Mace, Pamela M and Devine, Jennifer A and A’mar, Z Teresa},
  journal={Fisheries Research},
  volume={246},
  pages={106176},
  year={2022}}

@article{johnsonetal16,
title = {Can autocorrelated recruitment be estimated using integrated assessment models and how does it affect population forecasts?},
journal = {Fisheries Research},
volume = {183},
pages = {222--232},
year = {2016},
doi = {10.1016/j.fishres.2016.06.004},
author = {Kelli F. Johnson and Elizabeth Councill and James T. Thorson and Elizabeth Brooks and Richard D. Methot and A. E. Punt}}

@article{kassraftery95,
author = {Robert E. Kass and Adrian E. Raftery},
title = {Bayes Factors},
journal = {Journal of the American Statistical Association},
volume = {90},
number = {430},
pages = {773--795},
year = {1995},
doi = {10.1080/01621459.1995.10476572}}

@article{katz81,
author = {Richard W. Katz},
title = {On Some Criteria for Estimating the Order of a {M}arkov Chain},
journal = {Technometrics},
volume = {23},
number = {3},
pages = {243--249},
year = {1981},
doi = {10.1080/00401706.1981.10486293}}

@article{kristensenetal16,
  author = {K. Kristensen and A. Nielsen and C. W. Berg and H. Skaug and B. M. Bell},
  year = {2016},
  title = {{TMB}: Automatic differentiation and {L}aplace approximation},
  journal = {Journal of Statistical Software},
  volume = 70,
  number = 5,
  pages = {1--21}}

@article{leeetal11,
  title = {Estimating natural mortality within a fisheries stock assessment model: An evaluation using simulation analysis based on twelve stock assessments},
  journal = {Fisheries Research},
  volume = {109},
  number = {1},
  pages = {89--94},
  year = {2011},
  doi = {10.1016/j.fishres.2011.01.021},
  author = {Hui-Hua Lee and Mark N. Maunder and Kevin R. Piner and Richard D. Methot}}

@article{legaultetal23,
author = {Legault, Christopher M. and Wiedenmann, John and Deroba, Jonathan J. and Fay, Gavin and Miller, Timothy J. and Brooks, Elizabeth N. and Bell, Richard J. and Langan, Joseph A. and Cournane, Jamie M. and Jones, Andrew W. and Muffley, Brandon},
title = {Data-rich but model-resistant: an evaluation of data-limited methods to manage fisheries with failed age-based stock assessments},
journal = {Canadian Journal of Fisheries and Aquatic Sciences},
year = {2023},
volume = 80,
number = 1,
pages = {27--42},
doi = {10.1139/cjfas-2022-0045}}

@article{lietal_inreview,
  author = {Li, C. and Deroba, J. J. and Miller, T. J. and Legault, C. M. and Perretti, C.},
  title = {Guidance on bias-correction of log-normal random effects and observations in state-space assessment models},
  year = {In review},
  journal = {For Canadian Journal of Fisheries and Aquatic Sciences, State-space assessment models special collection\ignorespaces}}

@article{lietal24,
  author = {Li, C. and Deroba, J. J. and Miller, T. J. and Legault, C. M. and Perretti, C. T.},
  year = 2024,
  title = {An evaluation of common stock assessment diagnostic tools for choosing among state-space models with multiple random effects processes},
  journal = {Fisheries Research},
  volume = 273,
  pages = 106968,
  doi = {10.1016/j.fishres.2024.106968}}

@article{liljestrandetal24,
  title={The effect of process variability and data quality on performance of a state-space stock assessment model},
  author={Liljestrand, Emily M and Bence, James R and Deroba, Jonathan J},
  journal={Fisheries Research},
  volume={275},
  pages={107023},
  year={2024},
  doi = {10.1016/j.fishres.2024.107023}
}

@article{magnussonhilborn07,
author = {Magnusson, Arni and Hilborn, Ray},
title = {What makes fisheries data informative?},
journal = {Fish and Fisheries},
volume = {8},
number = {4},
pages = {337--358},
doi = {https://doi.org/10.1111/j.1467-2979.2007.00258.x},
year = {2007}}

@article{maunderetal23,
title = {A review of estimation methods for natural mortality and their performance in the context of fishery stock assessment},
journal = {Fisheries Research},
volume = {257},
pages = {106489},
year = {2023},
doi = {10.1016/j.fishres.2022.106489},
author = {Mark N. Maunder and Owen S. Hamel and Hui-Hua Lee and Kevin R. Piner and Jason M. Cope and André E. Punt and James N. Ianelli and Claudio Castillo-Jordán and Maia S. Kapur and Richard D. Methot}}

@article{millerbrooks21,
  author = {T. J. Miller and E. N. Brooks},
  year = 2021,
  title = {Steepness is a slippery slope},
  journal = {Fish and Fisheries},
  volume = 22,
  number = 3,
  pages = {634--645},
  doi = {10.1111/faf.12534}}

  
@article{milleretal16,
  author = {T. J. Miller and J. A. Hare and L. Alade},
  year = {2016},
  title = {A state-space approach to incorporating environmental effects on recruitment in an age-structured assessment model with an application to {S}outhern {N}ew {E}ngland yellowtail flounder},
  journal = {Canadian Journal of Fisheries and Aquatic Sciences},
  volume = 73,
  number = 8,
  pages = {1261--1270},
  doi = {10.1139/cjfas-2015-0339}}

@article{milleretal_inreview1,
  title = {An investigation of factors affecting inferences from and reliability of state-space age-structured assessment models},
  author = {Miller, T. J. and Britten, G. and Brooks, E. N. and Fay, G. and Hansell, A. and Legault, C. M. and Li, C. and Muffley, B. and Stock, B. C. and Wiedenmann, J.},
  year = {In review},
  journal = {For Canadian Journal of Fisheries and Aquatic Sciences, State-space assessment models special collection\ignorespaces}}

@article{millerhyun18,
  author = {T. J. Miller and S.-Y. Hyun},
  year = {2018},
  volume = 75,
  number = 5,
  pages = {691--703},
  title = {Evaluating evidence for alternative natural mortality and process error assumptions using a state-space, age-structured assessment model},
  journal = {Canadian Journal of Fisheries and Aquatic Sciences},
  doi = {10.1139/cjfas-2017-0035}}

@misc{millerstock20,
  title = {The {{Woods Hole Assessment Model}} ({{WHAM}})},
  author = {Miller, Timothy J. and Stock, Brian C.},
  year = {2020},
  url = {https://timjmiller.github.io/wham/}
}

@article{milleretal18,
  author = {T. J. Miller and L. O'Brien and P. S. Fratantoni},
  year = 2018,
  title = {Temporal and environmental variation in growth and maturity and effects on management reference points of {G}eorges {B}ank {A}tlantic cod},
  journal = {Canadian Journal of Fisheries and Aquatic Sciences},
  volume = 75,
  number = 12,
  pages = {2159--2171},
  doi = {10.1139/cjfas-2017-0124}}

@ARTICLE{mohn99,
  author = {R. Mohn},
  year = 1999,
  title = {The retrospective problem in sequential population analysis: an investigation using cod fishery and simulated data},
  journal = {ICES Journal of Marine Science},
  volume = 56,
  number = 4,
  pages = {473--488},
  doi = {10.1006/jmsc.1999.0481}}

@article{myers98,
  author = {R. A. Myers},
  year = 1998,
  title = {When do environment–recruitment correlations Work?},
  journal = {Reviews in Fish Biology and Fisheries},
  volume =8,
  number = 3,
  pages = {229--249},
  doi = {10.1023/A:1008828730759}
}

@MISC{nefsc22,
  title = {Final Report of the Haddock Research Track Assessment Working Group},
  author = {{NEFSC}},
  year = 2022,
  howpublished = {{Available} at https://s3.us-east-1.amazonaws.com/nefmc.org/14b\_EGB\_Research\_Track\_Haddock\_WG\_Report\_DRAFT.pdf.}}

@MISC{nefsc22a,
  title = {Report of the American Plaice Research Track Working Group},
  author = {{NEFSC}},
  year = 2022,
  howpublished = {{Available} at https://s3.us-east-1.amazonaws.com/nefmc.org/2\_American-Plaice-WG-Report.pdf.}}

@MISC{nefsc23,
  title = {Report of the black sea bass (\textsl{{C}entropristis} \textsl{striata}) research track stock assessment working group},
  author = {{NEFSC}},
  year = 2023,
  howpublished = {{Available} at https://www.mafmc.org/s/a\_2023\_BSB\_UNIT\_RTWG\_Report\_V2\_12\_2\_2023-1.pdf.}}


@misc{nefsc24,
  title = {Butterfish Research Track Assessment Report},
  author = {NEFSC},
  year = {2024},
  howpublished = {US Dept Commer Northeast Fish Sci Cent Ref Doc. 24-03; 191 p.}
}

@MISC{nefsc24a,
  title = {The yellowtail flounder research track assessment report},
  author = {{NEFSC}},
  year = 2024,
  howpublished = {{Available} at https://www.fisheries.noaa.gov/inport/item/26539.  Accessed on 1/10/2025}}

@MISC{nefsc25,
  title = {Yellowttail flounder research track working group report},
  author = {{NEFSC}},
  year = 2025,
  howpublished = {{Available} at https://d23h0vhsm26o6d.cloudfront.net/10c.-Yellowtail-Flounder-RT-WG-Report.pdf.}}

@article{nielsenberg14,
  title = {Estimation of Time-Varying Selectivity in Stock Assessments Using State-Space Models},
  author = {Nielsen, Anders and Berg, Casper W.},
  year = {2014},
  volume = {158},
  pages = {96--101},
  doi = {10.1016/j.fishres.2014.01.014},
  journal = {Fisheries Research}}

@article{pedersenberg17,
	title = {A stochastic surplus production model in continuous time},
	volume = {18},
	issn = {14672960},
	doi = {10.1111/faf.12174},
	number = {2},
	journal = {Fish and Fisheries},
	author = {Pedersen, Martin W. and Berg, Casper W.},
	year = {2017},
	pages = {226--243}
}

@article{perreaultetal20, 
  title={A state-space stock assessment model for {American} plaice on the {Grand} {Bank} of {Newfoundland}}, 
  volume={51}, 
  DOI={10.2960/j.v51.m727}, 
  journal={Journal of Northwest Atlantic Fishery Science}, 
  author={Perreault, A M J and Wheeland, L J and Morgan, M J and Cadigan, N G}, 
  year={2020}, 
  pages={45--104}}

@article{punt23,
  title={Those who fail to learn from history are condemned to repeat it: A perspective on current stock assessment good practices and the consequences of not following them},
  author={Punt, Andr{\'e} E},
  journal={Fisheries Research},
  volume={261},
  pages={106642},
  year={2023}}

@article{shibata76,
    author = {Shibata, R.},
    title = {Selection of the order of an autoregressive model by Akaike's information criterion},
    journal = {Biometrika},
    volume = {63},
    number = {1},
    pages = {117-126},
    year = {1976},
    doi = {10.1093/biomet/63.1.117}}

@article{stockmiller21,
  title = {The {W}oods {H}ole {A}ssessment {M}odel ({WHAM}): {A} general state-space assessment framework that incorporates time- and age-varying processes via random effects and links to environmental covariates},
  journal = {Fisheries Research},
  volume = {240},
  pages = {105967},
  year = {2021},
  doi = {10.1016/j.fishres.2021.105967},
  author = {Brian C. Stock and Timothy J. Miller}}

@article{stocketal21,
  title = {{Implementing two-dimensional autocorrelation in either survival or natural mortality improves a state-space assessment model for Southern New England-Mid Atlantic yellowtail flounder}},
  journal = {Fisheries Research},
  volume = {237},
  pages = {105873},
  year = {2021},
  doi = {10.1016/j.fishres.2021.105873},
  author = {Brian C. Stock and Haikun Xu and Timothy J. Miller and James T. Thorson and Janet A. Nye}}

@article{thorsonminto15,
    author = {Thorson, James T. and Minto, C??il??n},
    title = {Mixed effects: a unifying framework for statistical modelling in fisheries biology},
    journal = {ICES Journal of Marine Science},
    volume = {72},
    number = {5},
    pages = {1245--1256},
    year = {2015},
    doi = {10.1093/icesjms/fsu213}}

@article{thulin14,
author = {M{\aa}ns Thulin},
title = {{The cost of using exact confidence intervals for a binomial proportion}},
volume = {8},
journal = {Electronic Journal of Statistics},
number = {1},
pages = {817--840},
year = {2014},
doi = {10.1214/14-EJS909}}

@article{trijouletetal20,
  title={Performance of a state-space multispecies model: What are the consequences of ignoring predation and process errors in stock assessments?},
  author={Trijoulet, Vanessa and Fay, Gavin and Miller, Timothy J},
  journal={Journal of Applied Ecology},
  volume={57},
  number={1},
  pages={121--135},
  year={2020},
  doi = {10.1111/1365-2664.13515}
}

@article{wiedenmannetal19,
  author = {J. Wiedenmann and C. M. Free and O. P. Jensen},
  title = {Evaluating the performance of data-limited methods for setting catch targets through application to data-rich stocks: A case study using Northeast {U.S.} fish stocks},
  year = 2019,
  journal = {Fisheries Research},
  volume = 209,
  number = 1,
  pages = {129--142},
  doi = {10.1016/j.fishres.2018.09.018}}

@article{wilbergetal09,
  author = { Michael J.   Wilberg  and  James T.   Thorson  and  Brian C.   Linton  and  Jim   Berkson },
  title = {Incorporating Time-Varying Catchability into Population Dynamic Stock Assessment Models},
  journal = {Reviews in Fisheries Science},
  volume = {18},
  number = {1},
  pages = {7-24},
  year  = {2009},
  doi = {10.1080/10641260903294647}}
