@article{aeberhardetal18,
  title = {Review of {{State}}-{{Space Models}} for {{Fisheries Science}}},
  author = {Aeberhard, William H. and Mills Flemming, Joanna and Nielsen, Anders},
  year = {2018},
  volume = {5},
  number = {1},
  pages = {215--235},
  issn = {2326-8298, 2326-831X},
  doi = {10.1146/annurev-statistics-031017-100427},
  note = {doi: 10.1146/annurev-statistics-031017-100427}
}

@article{cadigan16,
  title = {A State-Space Stock Assessment Model for Northern Cod, Including under-Reported Catches and Variable Natural Mortality Rates},
  author = {Cadigan, Noel G.},
  editor = {Marshall, C. Tara},
  year = {2016},
  journal = {Canadian Journal of Fisheries and Aquatic Sciences},
  volume = {73},
  pages = {296--308},
  doi = {10.1139/cjfas-2015-0047},
  note = {doi: 10.1139/cjfas-2015-0047},
  number = {2}}

@article{kristensenetal16,
  author = {K. Kristensen and A. Nielsen and C. W. Berg and H. Skaug and B. M. Bell},
  year = {2016},
  title = {{TMB}: Automatic differentiation and {L}aplace approximation},
  journal = {Journal of Statistical Software},
  volume = 70,
  number = 5,
  pages = {1--21}}

@article{legaultetalinpress,
author = {Legault, Christopher M. and Wiedenmann, John and Deroba, Jonathan J. and Fay, Gavin and Miller, Timothy J. and Brooks, Elizabeth N. and Bell, Richard J. and Langan, Joseph A. and Cournane, Jamie M. and Jones, Andrew W. and Muffley, Brandon},
title = {Data-rich but model-resistant: an evaluation of data-limited methods to manage fisheries with failed age-based stock assessments},
journal = {Canadian Journal of Fisheries and Aquatic Sciences},
year = {In press},
note = {doi: 10.1139/cjfas-2022-0045}, 
doi = {10.1139/cjfas-2022-0045}}

@article{milleretal16,
  author = {T. J. Miller and J. A. Hare and L. Alade},
  year = {2016},
  title = {A state-space approach to incorporating environmental effects on recruitment in an age-structured assessment model with an application to {S}outhern {N}ew {E}ngland yellowtail flounder},
  journal = {\cjfas},
  volume = 73,
  number = 8,
  pages = {1261--1270},
  note = {doi: 10.1139/cjfas-2015-0339}}

@misc{millerhyun18,
  author = {T. J. Miller and S.-Y. Hyun},
  year = {2018},
  title = {Evaluating evidence for alternative natural mortality and process error assumptions using a state-space, age-structured assessment model},
  journal = {\cjfas},
  volume = 75,
  number = 5,
  pages = {691--703},
  note = {doi: 10.1139/cjfas-2017-0035}}

@article{milleretal18,
  author = {T. J. Miller and L. O'Brien and P. S. Fratantoni},
  year = 2018,
  title = {Temporal and environmental variation in growth and maturity and effects on management reference points of {G}eorges {B}ank {A}tlantic cod},
  journal = {\cjfas},
  volume = 75,
  number = 12,
  pages = {2159--2171},
  note = {doi: 10.1139/cjfas-2017-0124}}

@article{nielsenberg14,
  title = {Estimation of Time-Varying Selectivity in Stock Assessments Using State-Space Models},
  author = {Nielsen, Anders and Berg, Casper W.},
  year = {2014},
  volume = {158},
  pages = {96--101},
  doi = {10.1016/j.fishres.2014.01.014},
  note = {doi: 10.1016/j.fishres.2014.01.014},
  journal = {Fisheries Research}}

@article{stockmiller21,
  title = {The {W}oods {H}ole {A}ssessment {M}odel ({WHAM}): {A} general state-space assessment framework that incorporates time- and age-varying processes via random effects and links to environmental covariates},
  journal = {Fisheries Research},
  volume = {240},
  pages = {105967},
  year = {2021},
  doi = {https://doi.org/10.1016/j.fishres.2021.105967},
  note = {doi: 10.1016/j.fishres.2021.105967},
  author = {Brian C. Stock and Timothy J. Miller}}

@article{millerbrooks21,
  author = {T. J. Miller and E. N. Brooks},
  title = {Steepness is a slippery slope},
  journal = {Fish and Fisheries},
  year = 2021,
  volume = 22,
  number = 3,
  pages = {634--645},
  doi = {https://doi.org/10.1111/faf.12534},
  note = {doi: 10.1111/faf.12534}}

@article{stocketal21,
  title = {{Implementing two-dimensional autocorrelation in either survival or natural mortality improves a state-space assessment model for Southern New England-Mid Atlantic yellowtail flounder}},
  journal = {Fisheries Research},
  volume = {237},
  pages = {105873},
  year = {2021},
  note = {doi: 10.1016/j.fishres.2021.105873},
  author = {Brian C. Stock and Haikun Xu and Timothy J. Miller and James T. Thorson and Janet A. Nye}}

@article{wiedenmannetal19,
  author = {J. Wiedenmann and C. M. Free and O. P. Jensen},
  title = {Evaluating the performance of data-limited methods for setting catch targets through application to data-rich stocks: A case study using Northeast {U.S.} fish stocks},
  journal = {Fisheries Research},
  volume = 209,
  number = 1,
  pages = {129--142},
  doi = {https://doi.org/10.1016/j.fishres.2018.09.018},
  note = {doi: 10.1016/j.fishres.2018.09.018}}

@article{wilbergetal09,
  author = { Michael J.   Wilberg  and  James T.   Thorson  and  Brian C.   Linton  and  Jim   Berkson },
  title = {Incorporating Time-Varying Catchability into Population Dynamic Stock Assessment Models},
  journal = {Reviews in Fisheries Science},
  volume = {18},
  number = {1},
  pages = {7-24},
  year  = {2009},
  note = {doi: 10.1080/10641260903294647},
  doi = {https://doi.org/10.1080/10641260903294647}}
