@article{Gillespie2007,
author = {Gillespie, Daniel T},
doi = {10.1146/annurev.physchem.58.032806.104637},
file = {:Users/gregorybritten/Dropbox/papers/1PAPERS/Gillespie 2007. Stochastic simulation of chemical kinetics.pdf:pdf},
journal = {Annual Review of Physical Chemistry},
keywords = {langevin equation,master equation,stiff systems,tau-leaping},
pages = {35--55},
title = {{Stochastic simulation of chemical kinetics}},
volume = {59},
year = {2007}
}
