


@article{augeretal16,
  title={State-space models' dirty little secrets: even simple linear {G}aussian models can have estimation problems},
  author={Auger-M{\'e}th{\'e}, Marie and Field, Chris and Albertsen, Christoffer M and Derocher, Andrew E and Lewis, Mark A and Jonsen, Ian D and Mills Flemming, Joanna},
  journal={Scientific reports},
  volume={6},
  number={1},
  pages={26677},
  year={2016},
  doi = {10.1038/srep26677}}

@article{augeretal21,
  title={A guide to state--space modeling of ecological time series},
  author={Auger-M{\'e}th{\'e}, Marie and Newman, Ken and Cole, Diana and Empacher, Fanny and Gryba, Rowenna and King, Aaron A and Leos-Barajas, Vianey and Mills Flemming, Joanna and Nielsen, Anders and Petris, Giovanni and others},
  journal={Ecological Monographs},
  volume={91},
  number={4},
  pages={e01470},
  year={2021},
  doi={10.1002/ecm.1470}
}

@article{aeberhardetal18,
  title = {Review of {{State}}-{{Space Models}} for {{Fisheries Science}}},
  author = {W. H. Aeberhard and J. Mills Flemming and A. Nielsen},
  year = {2018},
  journal = {Annual Review of Statistics and Its Application},
  volume = {5},
  number = {1},
  pages = {215--235},
  issn = {2326-8298, 2326-831X},
  doi = {10.1146/annurev-statistics-031017-100427},
  note = {doi: 10.1146/annurev-statistics-031017-100427}
}

@article{ahoetal14,
  title={Model selection for ecologists: the worldviews of {AIC} and {BIC}},
  author={Aho, Ken and Derryberry, DeWayne and Peterson, Teri},
  journal={Ecology},
  volume={95},
  number={3},
  pages={631--636},
  year={2014},
  doi = {10.1890/13-1452.1}}

@article{albertsenetal17,
author = {Albertsen, Christoffer Moesgaard and Nielsen, Anders and Thygesen, Uffe H??gsbro},
title = {Choosing the observational likelihood in state-space stock assessment models},
journal = {Canadian Journal of Fisheries and Aquatic Sciences},
volume = {74},
number = {5},
pages = {779-789},
year = {2017},
doi = {10.1139/cjfas-2015-0532},
note = {doi: 10.1139/cjfas-2015-0532}}

@article{brittenetalinreview,
  author = {Britten, G. and Brooks, E. N. and Miller, T. J.},
  title = {Identification and performance of environmentally-driven stock-recruitment relationships in state space assessment models},
  year = {In review},
  journal={ Canadian Journal of Fisheries and Aquatic Sciences}}

@article{breiviketal23,
author = {Breivik, Olav Nikolai and Aldrin, Magne and Fuglebakk, Edvin and Nielsen, Anders},
title = {Detecting significant retrospective patterns in state space fish stock assessment},
journal = {Canadian Journal of Fisheries and Aquatic Sciences},
volume = {80},
number = {9},
pages = {1509--1518},
year = {2023},
doi = {10.1139/cjfas-2022-0250}}

@article{brooks24,
  title = {Pragmatic approaches to modeling recruitment in fisheries stock
assessment: A perspective},
  year = 2024,
  author = {E. N. Brooks},
  journal = {Fisheries Research},
  volume = 270,
  pages = {106896},
  doi = {10.1016/j.fishres.2023.106896}}

@article{brookslegault16,
author = {Brooks, Elizabeth N. and Legault, Christopher M.},
title = {Retrospective forecasting -- evaluating performance of stock projections for {N}ew {E}ngland groundfish stocks},
journal = {Canadian Journal of Fisheries and Aquatic Sciences},
volume = {73},
number = {6},
pages = {935--950},
year = {2016},
doi = {10.1139/cjfas-2015-0163}}

@article{cadigan16,
  title = {A State-Space Stock Assessment Model for Northern Cod, Including under-Reported Catches and Variable Natural Mortality Rates},
  author = {N. G. Cadigan},
  year = {2016},
  journal = {Canadian Journal of Fisheries and Aquatic Sciences},
  volume = {73},
  pages = {296--308},
  doi = {10.1139/cjfas-2015-0047},
  note = {doi: 10.1139/cjfas-2015-0047},
  number = {2}}

@article{carvalhoetal21,
title = {A cookbook for using model diagnostics in integrated stock assessments},
journal = {Fisheries Research},
volume = {240},
pages = {105959},
year = {2021},
author = {Felipe Carvalho and Henning Winker and Dean Courtney and Maia Kapur and Laurence Kell and Massimiliano Cardinale and Michael Schirripa and Toshihide Kitakado and Dawit Yemane and Kevin R. Piner and Mark N. Maunder and Ian Taylor and Chantel R. Wetzel and Kathryn Doering and Kelli F. Johnson and Richard D. Methot},
doi = {https://doi.org/10.1016/j.fishres.2021.105959}}


@article{clopperpearson34,
    author = {Clopper, C. J. and Pearson, E. S.},
    title = {The Use of Confidence or Fiducial Limits Illustrated in the Case of the Binomial},
    journal = {Biometrika},
    volume = {26},
    number = {4},
    pages = {404--413},
    year = {1934},
    doi = {10.1093/biomet/26.4.404}}

@article{connetal10,
author = {Conn, Paul B. and Williams, Erik H. and Shertzer, Kyle W.},
title = {When can we reliably estimate the productivity of fish stocks?},
journal = {Canadian Journal of Fisheries and Aquatic Sciences},
volume = {67},
number = {3},
pages = {511--523},
year = {2010},
doi = {10.1139/F09-194}}

@article{croninpunt21,
  title={Modeling time-varying selectivity in size-structured assessment models},
  author={Cronin-Fine, Lee and Punt, Andr{\'e} E},
  journal={Fisheries Research},
  volume={239},
  pages={105927},
  year={2021},
  publisher={Elsevier}
}


@ARTICLE{devalpinehastings02,
  author = {P. {de Valpine} and A. Hastings},
  year = 2002,
  title = {Fitting population models incorporating process noise and observation error},
  journal = {Ecological Monographs},
  volume = 72,
  number = 1,
  pages = {57--76}}

@article{dupontaviceetal22,
  title={Ocean model-based covariates improve a marine fish stock assessment when observations are limited},
  author={du Pontavice, Hubert and Miller, Timothy J and Stock, Brian C and Chen, Zhuomin and Saba, Vincent S},
  journal={ICES Journal of Marine Science},
  volume={79},
  number={4},
  pages={1259--1273},
  year={2022},
  doi={10.1093/icesjms/fsac050}
}


@article{fischetal23,
  title={Process and sampling variance within fisheries stock assessment models: estimability, likelihood choice, and the consequences of incorrect specification},
  author={Fisch, N and Shertzer, K and Camp, E and Maunder, M and Ahrens, R},
  journal={ICES Journal of Marine Science},
  volume={80},
  number={8},
  pages={2125--2149},
  year={2023},
  doi = {10.1093/icesjms/fsad138}
}
@article{fleischmanetal13,
  title={An age-structured state-space stock--recruit model for {P}acific salmon (\textsl{{O}ncorhynchus spp}.)},
  author={Fleischman, Steven J and Catalano, Matthew J and Clark, Robert A and Bernard, David R},
  journal={Canadian Journal of Fisheries and Aquatic Sciences},
  volume={70},
  number={3},
  pages={401--414},
  year={2013},
  doi = {10.1139/cjfas-2012-0112}
}

@article{hoenigetal25,
title = {Principles for estimating natural mortality rate},
journal = {Fisheries Research},
volume = {281},
pages = {107195},
year = {2025},
issn = {0165-7836},
doi = {10.1016/j.fishres.2024.107195},
author = {John M. Hoenig and William S. Hearn and George M. Leigh and Robert J. Latour}}

@article{hoyleetal22,
  title={Preface: Developing the next generation of stock assessment software},
  author={Hoyle, Simon D and Maunder, Mark N and Punt, Andr{\'e} E and Mace, Pamela M and Devine, Jennifer A and A???mar, Z Teresa},
  journal={Fisheries Research},
  volume={246},
  pages={106176},
  year={2022},
  doi = {10.1016/j.fishres.2021.106176}}

@article{hurtadoferroetal15,
    author = {Hurtado-Ferro, Felipe and Szuwalski, Cody S. and Valero, Juan L. and Anderson, Sean C. and Cunningham, Curry J. and Johnson, Kelli F. and Licandeo, Roberto and McGilliard, Carey R. and Monnahan, Cole C. and Muradian, Melissa L. and Ono, Kotaro and Vert-Pre, Katyana A. and Whitten, Athol R. and Punt, Andr?? E.},
    title = {Looking in the rear-view mirror: bias and retrospective patterns in integrated, age-structured stock assessment models},
    journal = {ICES Journal of Marine Science},
    volume = {72},
    number = {1},
    pages = {99--110},
    year = {2014},
    doi = {10.1093/icesjms/fsu198}}

@article{huynhetal22,
    author = {Huynh, Quang C and Legault, Christopher M and Hordyk, Adrian R and Carruthers, Tom R},
    title = {A closed-loop simulation framework and indicator approach for evaluating impacts of retrospective patterns in stock assessments},
    journal = {ICES Journal of Marine Science},
    volume = {79},
    number = {7},
    pages = {2003--2016},
    year = {2022},
    doi = {10.1093/icesjms/fsac066}}

@article{johnsonetal16,
title = {Can autocorrelated recruitment be estimated using integrated assessment models and how does it affect population forecasts?},
journal = {Fisheries Research},
volume = {183},
pages = {222--232},
year = {2016},
doi = {10.1016/j.fishres.2016.06.004},
author = {Kelli F. Johnson and Elizabeth Councill and James T. Thorson and Elizabeth Brooks and Richard D. Methot and Andr?? E. Punt}}
 
@article{kassraftery95,
author = {Robert E. Kass and Adrian E. Raftery},
title = {Bayes Factors},
journal = {Journal of the American Statistical Association},
volume = {90},
number = {430},
pages = {773--795},
year = {1995},
doi = {10.1080/01621459.1995.10476572}}

@article{kapuretal24,
title = {Good practices, trade-offs, and precautions for model diagnostics in integrated stock assessments},
journal = {Fisheries Research},
volume = {281},
pages = {107206},
year = {2025},
issn = {0165-7836},
doi = {10.1016/j.fishres.2024.107206},
author = {Maia S. Kapur and Nicholas Ducharme-Barth and Megumi Oshima and Felipe Carvalho}}

@article{katz81,
author = {Richard W. Katz},
title = {On Some Criteria for Estimating the Order of a {M}arkov Chain},
journal = {Technometrics},
volume = {23},
number = {3},
pages = {243--249},
year = {1981},
doi = {10.1080/00401706.1981.10486293}}

@article{knape08,
  title={Estimability of density dependence in models of time series data},
  author={Knape, Jonas},
  journal={Ecology},
  volume={89},
  number={11},
  pages={2994--3000},
  year={2008},
  doi={10.1890/08-0071.1}
}

@article{kristensenetal16,
  author = {K. Kristensen and A. Nielsen and C. W. Berg and H. Skaug and B. M. Bell},
  year = {2016},
  title = {{TMB}: Automatic differentiation and {L}aplace approximation},
  journal = {Journal of Statistical Software},
  volume = 70,
  number = 5,
  pages = {1--21},
  doi = {10.18637/jss.v070.i05}}

@article{leeetal11,
  title = {Estimating natural mortality within a fisheries stock assessment model: An evaluation using simulation analysis based on twelve stock assessments},
  journal = {Fisheries Research},
  volume = {109},
  number = {1},
  pages = {89--94},
  year = {2011},
  doi = {10.1016/j.fishres.2011.01.021},
  author = {Hui-Hua Lee and Mark N. Maunder and Kevin R. Piner and Richard D. Methot}}

@misc{legault09,
  author = {Legault, C. M.},
  year = 2009,
  title = {Report of the retrospective working group, 14-16 January 2008},
  howpublished = {US Department of Commerce Northeast Fisheries Science Center Reference Document 09-01. US Department of Commerce Northeast Fisheries Science Center. Woods Hole, MA.}}

@article{legaultpalmer16,
  title={In what direction should the fishing mortality target change when natural mortality increases within an assessment?},
  author={Legault, Christopher M and Palmer, Michael C},
  journal={Canadian Journal of Fisheries and Aquatic Sciences},
  volume={73},
  number={3},
  pages={349--357},
  year={2016},
  doi = {10.1139/cjfas-2015-0232}
}

@article{legaultrestrepo99,
  author = {C. M. Legault and V. R. Restrepo},
  year = 1999,
  title = {A flexible forward age-structured assessment program},
  journal = {Col. Vol. Sci. Pap. ICCAT},
  volume = 49,
  number = 2,
  pages = {246--253}}

@article{legaultetal23,
author = {Legault, Christopher M. and Wiedenmann, John and Deroba, Jonathan J. and Fay, Gavin and Miller, Timothy J. and Brooks, Elizabeth N. and Bell, Richard J. and Langan, Joseph A. and Cournane, Jamie M. and Jones, Andrew W. and Muffley, Brandon},
title = {Data-rich but model-resistant: an evaluation of data-limited methods to manage fisheries with failed age-based stock assessments},
journal = {Canadian Journal of Fisheries and Aquatic Sciences},
year = {2023},
volume = 80,
number = 1,
pages = {27--42},
doi = {10.1139/cjfas-2022-0045}}

@article{lietalinreview,
  author = {Li, C. and Deroba, J. J. and Miller, T. J. and Legault, C. M. and Perretti, C.},
  title = {Guidance on bias-correction of log-normal random effects and observations in state-space assessment models},
  year = {In review},
  journal={ Canadian Journal of Fisheries and Aquatic Sciences}}

@article{lietalinreview_a,
  title={Random effects on numbers-at-age transitions implictly account for movement dynamics and improve performance within a state-space stock assessment},
  author={Li, C. and Deroba, J. J. and Berger, A. M. and Goethel, D. R. and Langseth, B. J. and Schueller, A. M. and Miller, T. J.},
  journal={ Canadian Journal of Fisheries and Aquatic Sciences },
  year={In review}}

@article{lietal24,
  author = {Li, C. and Deroba, J. J. and Miller, T. J. and Legault, C. M. and Perretti, C. T.},
  year = 2024,
  title = {An evaluation of common stock assessment diagnostic tools for choosing among state-space models with multiple random effects processes},
  journal = {Fisheries Research},
  volume = 273,
  pages = 106968,
  doi = {10.1016/j.fishres.2024.106968}}

@article{liljestrandetal24,
  title={The effect of process variability and data quality on performance of a state-space stock assessment model},
  author={Liljestrand, Emily M and Bence, James R and Deroba, Jonathan J},
  journal={Fisheries Research},
  volume={275},
  pages={107023},
  year={2024},
  doi = {10.1016/j.fishres.2024.107023}
}

@article{magnussonhilborn07,
author = {Magnusson, Arni and Hilborn, Ray},
title = {What makes fisheries data informative?},
journal = {Fish and Fisheries},
volume = {8},
number = {4},
pages = {337--358},
doi = {10.1111/j.1467-2979.2007.00258.x},
year = {2007}}

@article{methotwetzel13,
title = {Stock synthesis: A biological and statistical framework for fish stock assessment and fishery management},
journal = {Fisheries Research},
volume = {142},
pages = {86--99},
year = {2013},
issn = {0165-7836},
doi = {10.1016/j.fishres.2012.10.012},
author = {Richard D. Methot and Chantell R. Wetzel}}

@article{millerbrooks21,
  author = {T. J. Miller and E. N. Brooks},
  year = 2021,
  title = {Steepness is a slippery slope},
  journal = {Fish and Fisheries},
  volume = 22,
  number = 3,
  pages = {634--645},
  doi = {10.1111/faf.12534}}

  
@article{milleretal16,
  author = {T. J. Miller and J. A. Hare and L. Alade},
  year = {2016},
  title = {A state-space approach to incorporating environmental effects on recruitment in an age-structured assessment model with an application to {S}outhern {N}ew {E}ngland yellowtail flounder},
  journal = {Canadian Journal of Fisheries and Aquatic Sciences},
  volume = 73,
  number = 8,
  pages = {1261--1270},
  doi = {10.1139/cjfas-2015-0339}}

@article{millerhyun18,
  author = {T. J. Miller and S.-Y. Hyun},
  year = {2018},
  volume = 75,
  number = 5,
  pages = {691--703},
  title = {Evaluating evidence for alternative natural mortality and process error assumptions using a state-space, age-structured assessment model},
  journal = {Canadian Journal of Fisheries and Aquatic Sciences},
  doi = {10.1139/cjfas-2017-0035}}

@article{millerlegault17,
title = {Statistical behavior of retrospective patterns and their effects on estimation of stock and harvest status},
journal = {Fisheries Research},
volume = {186},
pages = {109--120},
year = {2017},
doi = {10.1016/j.fishres.2016.08.002},
author = {Timothy J. Miller and Christopher M. Legault}}

@misc{milleretal_project0_wp,
  author = {T. J. Miller and Andrew Applegate and Greg Britten and Elizabeth N. Brooks and Gavin Fay and Alex Hansell and Christopher M. Legault and Brandon Muffley and Brian C. Stock and John Wiedenman},
  title = {Factors affecting reliablity of state-space age-structured assessment models},
  note = {Working paper for the State-space assessment model research track report and peer-review.}}

@misc{millerstock20,
  title = {The {{Woods Hole Assessment Model}} ({{WHAM}})},
  author = {Miller, Timothy J. and Stock, Brian C.},
  year = {2020},
  url = {https://timjmiller.github.io/wham/}
}

@article{milleretal18,
  author = {T. J. Miller and L. O'Brien and P. S. Fratantoni},
  year = 2018,
  title = {Temporal and environmental variation in growth and maturity and effects on management reference points of {G}eorges {B}ank {A}tlantic cod},
  journal = {Canadian Journal of Fisheries and Aquatic Sciences},
  volume = 75,
  number = 12,
  pages = {2159--2171},
  doi = {10.1139/cjfas-2017-0124}}
  
@ARTICLE{mohn99,
  author = {R. Mohn},
  year = 1999,
  title = {The retrospective problem in sequential population analysis: an investigation using cod fishery and simulated data},
  journal = {ICES Journal of Marine Science},
  volume = 56,
  number = 4,
  pages = {473--488},
  doi = {10.1006/jmsc.1999.0481}}

@MISC{nefsc22,
  title = {Final Report of the Haddock Research Track Assessment Working Group},
  author = {{NEFSC}},
  year = 2022,
	howpublished = {{Available} at https://s3.us-east-1.amazonaws.com/nefmc.org/14b_EGB_Research_Track_Haddock_WG_Report_DRAFT.pdf.}}

@MISC{nefsc22a,
  title = {Report of the {A}merican Plaice Research Track Working Group},
  author = {{NEFSC}},
  year = 2022,
	howpublished = {{Available} at https://s3.us-east-1.amazonaws.com/nefmc.org/2_American-Plaice-WG-Report.pdf.}}

@MISC{nefsc23,
  title = {Report of the black sea bass (\textsl{{C}entropristis} \textsl{striata}) research track stock assessment working group},
  author = {{NEFSC}},
  year = 2023,
	howpublished = {{Available} at https://www.mafmc.org/s/a_2023_BSB_UNIT_RTWG_Report_V2_12_2_2023-1.pdf.}}

@misc{nefsc24,
  title = {Butterfish Research Track Assessment Report},
  author = {NEFSC},
  year = {2024},
  howpublished = {US Dept Commer Northeast Fish Sci Cent Ref Doc. 24-03; 191 p.}}

@MISC{nefsc25,
  title = {Yellowttail flounder research track working group report},
  author = {{NEFSC}},
  year = 2025,
	howpublished = {{Available} at https://d23h0vhsm26o6d.cloudfront.net/10c.-Yellowtail-Flounder-RT-WG-Report.pdf.}}

@article{nielsenberg14,
  title = {Estimation of Time-Varying Selectivity in Stock Assessments Using State-Space Models},
  author = {Nielsen, Anders and Berg, Casper W.},
  year = {2014},
  volume = {158},
  pages = {96--101},
  doi = {10.1016/j.fishres.2014.01.014},
  journal = {Fisheries Research}}

@article{pedersenberg17,
	title = {A stochastic surplus production model in continuous time},
	volume = {18},
	issn = {14672960},
	doi = {10.1111/faf.12174},
	number = {2},
	journal = {Fish and Fisheries},
	author = {Pedersen, Martin W. and Berg, Casper W.},
	year = {2017},
	pages = {226--243}
}

@article{perrettietal20,
  title={Simulation testing methods for estimating misreported catch in a state-space stock assessment model},
  author={Perretti, Charles T and Deroba, Jonathan J and Legault, Christopher M},
  journal={ICES Journal of Marine Science},
  volume={77},
  number={3},
  pages={911--920},
  year={2020},
  doi={10.1093/icesjms/fsaa034}
}


@article{polanskyetal09,
  title={Likelihood ridges and multimodality in population growth rate models},
  author={Polansky, Leo and De Valpine, Perry and Lloyd-Smith, James O and Getz, Wayne M},
  journal={Ecology},
  volume={90},
  number={8},
  pages={2313--2320},
  year={2009},
  doi={10.1890/08-1461.1}
}


@article{puntetal14,
  title={Model selection for selectivity in fisheries stock assessments},
  author={Punt, Andr{\'e} E and Hurtado-Ferro, Felipe and Whitten, Athol R},
  journal={Fisheries Research},
  volume={158},
  pages={124--134},
  year={2014},
  doio = {10.1016/j.fishres.2013.06.003}
}


@article{punt23,
  title={Those who fail to learn from history are condemned to repeat it: A perspective on current stock assessment good practices and the consequences of not following them},
  author={Punt, Andr{\'e} E},
  journal={Fisheries Research},
  volume={261},
  pages={106642},
  year={2023},
  doi = {10.1016/j.fishres.2023.106642}}

@article{ruddthorson18,
author = {Rudd, Merrill B. and Thorson, James T.},
title = {Accounting for variable recruitment and fishing mortality in length-based stock assessments for data-limited fisheries},
journal = {Canadian Journal of Fisheries and Aquatic Sciences},
volume = {75},
number = {7},
pages = {1019--1035},
year = {2018},
doi = {10.1139/cjfas-2017-0143}}

@article{shibata76,
    author = {Shibata, R.},
    title = {Selection of the order of an autoregressive model by {A}kaike's information criterion},
    journal = {Biometrika},
    volume = {63},
    number = {1},
    pages = {117-126},
    year = {1976},
    doi = {10.1093/biomet/63.1.117}}

@article{stockmiller21,
  title = {The {W}oods {H}ole {A}ssessment {M}odel ({WHAM}): {A} general state-space assessment framework that incorporates time- and age-varying processes via random effects and links to environmental covariates},
  journal = {Fisheries Research},
  volume = {240},
  pages = {105967},
  year = {2021},
  doi = {10.1016/j.fishres.2021.105967},
  author = {Brian C. Stock and Timothy J. Miller}}

@article{stocketal21,
  title = {{Implementing two-dimensional autocorrelation in either survival or natural mortality improves a state-space assessment model for Southern {N}ew {E}ngland-Mid {A}tlantic yellowtail flounder}},
  journal = {Fisheries Research},
  volume = {237},
  pages = {105873},
  year = {2021},
  doi = {10.1016/j.fishres.2021.105873},
  author = {Brian C. Stock and Haikun Xu and Timothy J. Miller and James T. Thorson and Janet A. Nye}}

@article{stewartmonnahan17,
  title={Implications of process error in selectivity for approaches to weighting compositional data in fisheries stock assessments},
  author={Stewart, Ian J and Monnahan, Cole C},
  journal={Fisheries Research},
  volume={192},
  pages={126--134},
  year={2017},
  doi = {10.1016/j.fishres.2016.06.018}
}


@article{szuwalskietal18,
  title={Reducing retrospective patterns in stock assessment and impacts on management performance},
  author={Szuwalski, Cody S and Ianelli, James N and Punt, Andr{\'e} E},
  journal={ICES Journal of Marine Science},
  volume={75},
  number={2},
  pages={596--609},
  year={2018},
  doi = {10.1093/icesjms/fsx159}
}

@article{thorsonminto15,
    author = {Thorson, James T. and Minto, C??il??n},
    title = {Mixed effects: a unifying framework for statistical modelling in fisheries biology},
    journal = {ICES Journal of Marine Science},
    volume = {72},
    number = {5},
    pages = {1245--1256},
    year = {2015},
    doi = {10.1093/icesjms/fsu213}}

@article{thulin14,
author = {M{\aa}ns Thulin},
title = {{The cost of using exact confidence intervals for a binomial proportion}},
volume = {8},
journal = {Electronic Journal of Statistics},
number = {1},
pages = {817--840},
year = {2014},
doi = {10.1214/14-EJS909}}


@article{trijouletetal20,
  title={Performance of a state-space multispecies model: What are the consequences of ignoring predation and process errors in stock assessments?},
  author={Trijoulet, Vanessa and Fay, Gavin and Miller, Timothy J},
  journal={Journal of Applied Ecology},
  volume={57},
  number={1},
  pages={121--135},
  year={2020},
  doi = {10.1111/1365-2664.13515}
}


@article{wiedenmannetal19,
  author = {J. Wiedenmann and C. M. Free and O. P. Jensen},
  title = {Evaluating the performance of data-limited methods for setting catch targets through application to data-rich stocks: A case study using Northeast {U.S.} fish stocks},
  year = 2019,
  journal = {Fisheries Research},
  volume = 209,
  number = 1,
  pages = {129--142},
  doi = {10.1016/j.fishres.2018.09.018}}

@article{wilbergetal09,
  author = { Michael J.   Wilberg  and  James T.   Thorson  and  Brian C.   Linton  and  Jim   Berkson },
  title = {Incorporating Time-Varying Catchability into Population Dynamic Stock Assessment Models},
  journal = {Reviews in Fisheries Science},
  volume = {18},
  number = {1},
  pages = {7-24},
  year  = {2009},
  doi = {10.1080/10641260903294647}}

@article{xuetal19,
author = {Xu, Haikun and Thorson, James T. and Methot, Richard D. and Taylor, Ian G.},
title = {A new semi-parametric method for autocorrelated age- and time-varying selectivity in age-structured assessment models},
journal = {Canadian Journal of Fisheries and Aquatic Sciences},
volume = {76},
number = {2},
pages = {268--285},
year = {2019},
doi = {10.1139/cjfas-2017-0446}}
